<?xml version="1.0" encoding="UTF-8"?><collection xmlns="http://www.loc.gov/MARC21/slim"><record><leader>00474nam--2200169-i-4500</leader><controlfield tag="001">000048238</controlfield><controlfield tag="002">20161230</controlfield><controlfield tag="005">20161230201046</controlfield><controlfield tag="008">060222s1000------------r-----000-0-eng-d</controlfield><datafield ind1=" " ind2=" " tag="040"><subfield code="a">IFIN-HH</subfield></datafield><datafield ind1=" " ind2=" " tag="080"><subfield code="a">539.172.17:539.173(043)</subfield></datafield><datafield ind1="1" ind2=" " tag="100"><subfield code="a">Zaric,Alexandre</subfield></datafield><datafield ind1="1" ind2="0" tag="245"><subfield code="a">Fusion-fisson dans les collisions a-noyaux lourds</subfield><subfield code="b">These</subfield><subfield code="c">Alexandre zaric</subfield></datafield><datafield ind1=" " ind2=" " tag="260"><subfield code="a">Orsay</subfield><subfield code="b">University Paris-sud</subfield><subfield code="c">1984</subfield></datafield><datafield ind1=" " ind2=" " tag="300"><subfield code="a">71 P</subfield></datafield><datafield ind1=" " ind2=" " tag="852"><subfield code="a">72414</subfield><subfield code="c">539.17</subfield></datafield><datafield ind1=" " ind2=" " tag="CAT"><subfield code="a">Sys</subfield><subfield code="c">20120625</subfield><subfield code="h">091956</subfield></datafield></record></collection>